@article{Farooq_Chupp_Grange_Tewsley-Booth_Flay_Kawall_Sachdeva_Winter_2020, 
    title={Absolute magnetometry with He-3}, 
    volume={124}, 
    DOI={10.1103/physrevlett.124.223001}, 
    number={22}, 
    journal={Physical Review Letters}, 
    author={Farooq, Midhat and Chupp, Timothy and Grange, Joe and Tewsley-Booth, Alec and Flay, David and Kawall, David and Sachdeva, Natasha and Winter, Peter}, 
    year={2020}, 
    month={Jun}
} 
@article{Fontanari_Sadovskií_2015, 
    title={Perturbations of the hydrogen atom by inhomogeneous static electric and Magnetic Fields}, 
    volume={48}, 
    DOI={10.1088/1751-8113/48/9/095203}, 
    number={9}, 
    journal={Journal of Physics A: Mathematical and Theoretical}, 
    author={Fontanari, Daniele and Sadovskií, Dmitrií A}, 
    year={2015}, 
    month={Feb}, 
    pages={095203}
} 
@article{Drake_Makowski_1988, 
    title={High-precision eigenvalues for the $1S2P^1P$ and $^3P$ states of helium}, 
    volume={5}, 
    DOI={10.1364/josab.5.002207}, 
    number={10}, 
    journal={Journal of the Optical Society of America B}, 
    author={Drake, G. W. F. and Makowski, A. J.}, 
    year={1988}, 
    month={Oct}, 
    pages={2207}
} 
@article{Drake_1987,
    title={New variational techniques for the $1snd$ states of helium}, 
    volume={59}, 
    DOI={10.1103/physrevlett.59.1549}, 
    number={14}, 
    journal={Physical Review Letters}, 
    author={Drake, G. W. F.}, 
    year={1987}, 
    month={Oct}, 
    pages={1549-1552}
} 
@article{Drake_1987-2,
    title = {High precision variational calculations for the $1s21S$ state of H- and the $1s21s$, $1s2s$ $1s$ and $1s2s$ $3s$ states of helium},
    journal = {Nuclear Instruments and Methods in Physics Research Section B: Beam Interactions with Materials and Atoms},
    volume = {31},
    number = {1},
    pages = {7-13},
    year = {1988},
    issn = {0168-583X},
    doi = {https://doi.org/10.1016/0168-583X(88)90387-4},
    url = {https://www.sciencedirect.com/science/article/pii/0168583X88903874},
    author = {G.W.F. Drake}
}
@article{Anthony_Sebastian_1994, 
    title={Relativistic corrections to the Zeeman effect in hydrogenlike atoms and positronium}, 
    volume={49}, 
    DOI={10.1103/physreva.49.192}, 
    number={1}, 
    journal={Physical Review A}, 
    author={Anthony, John M. and Sebastian, Kunnat J.}, 
    year={1994}, 
    month={Jan}, 
    pages={192-206}
} 
@article{Drake_Yan_1992, 
    title={Energies and relativistic corrections for the Rydberg states of helium: Variational results and asymptotic analysis}, 
    volume={46}, 
    DOI={10.1103/physreva.46.2378}, 
    number={5}, 
    journal={Physical Review A}, 
    author={Drake, G. W. F. and Yan, Zong-Chao}, 
    year={1992}, 
    month={Sep}, 
    pages={2378-2409}
} 
@article{aguillard2023measurement,
  title={Measurement of the positive muon anomalous magnetic moment to 0.20 ppm},
  author={Aguillard, DP and Albahri, T and Allspach, D and Anisenkov, A and Badgley, K and Bae{\ss}ler, S and Bailey, I and Bailey, L and Baranov, VA and Barlas-Yucel, E and others},
  journal={Physical review letters},
  volume={131},
  number={16},
  pages={161802},
  year={2023},
  publisher={APS}
}
@article{2007Drake-Wu,
       author = {{Wu}, Qixue and {Drake}, G.~W.~F.},
        title = "{Precision Hyperfine Structure of 2;\^3P State of \^3He with External Magnetic}",
    booktitle = {APS Division of Atomic, Molecular and Optical Physics Meeting Abstracts},
         year = 2007,
       series = {APS Meeting Abstracts},
       volume = {38},
        month = jun,
          eid = {R1.060},
        pages = {R1.060},
       adsurl = {https://ui.adsabs.harvard.edu/abs/2007APS..DMP.R1060W},
      adsnote = {Provided by the SAO/NASA Astrophysics Data System}
}
@article{Drake-Yan,
  title = {High-precision calculations of the Zeeman effect in the 2${\mathrm{}}^{3}$${\mathit{P}}_{\mathit{J}}$, 2${\mathrm{}}^{1}$${\mathit{P}}_{1}$, 2${\mathrm{}}^{3}$${\mathit{S}}_{1}$, and 3${\mathrm{}}^{3}$${\mathit{P}}_{\mathit{J}}$ states of helium},
  author = {Yan, Zong-Chao and Drake, G. W. F.},
  journal = {Phys. Rev. A},
  volume = {50},
  issue = {3},
  pages = {R1980--R1983},
  numpages = {0},
  year = {1994},
  month = {Sep},
  publisher = {American Physical Society},
  doi = {10.1103/PhysRevA.50.R1980},
  url = {https://link.aps.org/doi/10.1103/PhysRevA.50.R1980}
}

@article{atomic_units_definition, 
    title={The Wave Mechanics of an Atom with a Non-Coulomb Central Field. Part I. Theory and Methods}, 
    volume={24}, 
    rights={https://www.cambridge.org/core/terms}, 
    ISSN={0305-0041, 1469-8064}, 
    url={https://www.cambridge.org/core/product/identifier/S0305004100011919/type/journal_article}, 
    DOI={10.1017/S0305004100011919}, 
   number={1}, 
   journal={Mathematical Proceedings of the Cambridge Philosophical Society}, 
   author={Hartree, D. R.}, 
   year={1928}, 
   month=jan, 
   pages={89-110}, 
   language={en} 
}
@misc{Atomic_unit_of_field_strength,
    title={CODATA Value: atomic unit of magnetic flux density}, 
    url={https://physics.nist.gov/cgi-bin/cuu/Value?aumfd} 
}

@book{Griffiths_2018, 
    address={Cambridge}, 
    edition={3rd ed}, 
    title={Introduction to Quantum Mechanics}, 
    ISBN={9781107189638}, 
    publisher={Cambridge University Press}, 
    author={Griffiths, David J.}, 
    year={2018}, 
    language={eng} 
}

@article{Michelson_Morley_1887, 
    title={On the relative motion of the Earth and the luminiferous ether}, 
    volume={s3-34}, 
    ISSN={0002-9599}, 
    url={https://ajsonline.org/article/62505}, 
    DOI={10.2475/ajs.s3-34.203.333}, 
    number={203}, 
    journal={American Journal of Science}, 
    author={Michelson, A. A. and Morley, E. W.}, 
    year={1887}, 
    month=nov, 
    pages={333-345}, 
    language={en} 
}

@book{Atomic_Physics_Handbook, 
    address={New York, NY}, 
    series={Springer Handbooks}, 
    title={Springer Handbook of Atomic, Molecular, and Optical Physics}, 
    rights={https://www.springernature.com/gp/researchers/text-and-data-mining}, 
    ISBN={9780387208022}, 
    url={https://link.springer.com/10.1007/978-0-387-26308-3}, 
    DOI={10.1007/978-0-387-26308-3}, 
    publisher={Springer New York}, 
    year={2006}, 
    collection={Springer Handbooks}, 
    language={en} 
}

@misc{hbar_value,
    title={CODATA Value: reduced Planck constant}, 
    url={https://physics.nist.gov/cgi-bin/cuu/Value?hbar} 
}

@misc{electron_mass_value,
    title={CODATA Value: electron mass}, 
    url={https://physics.nist.gov/cgi-bin/cuu/Value?me|search_for=electron+mass} 
}

@misc{electric_permittivity_value,
    title={CODATA Value: vacuum electric permittivity}, 
    url={https://physics.nist.gov/cgi-bin/cuu/Value?ep0|search_for=electric+permittivity} 
}

@misc{speed_of_light_value,
    title={CODATA Value: speed of light in vacuum}, 
    url={https://physics.nist.gov/cgi-bin/cuu/Value?c|search_for=speed+of+light} 
}

@misc{fine_structure_value,
    title={CODATA Value: fine-structure constant}, 
    url={https://physics.nist.gov/cgi-bin/cuu/Value?alph|search_for=fine+structure} 
}

@misc{electron_charge_value,
    title={CODATA Value: elementary charge}, 
    url={https://physics.nist.gov/cgi-bin/cuu/Value?e|search_for=electron+charge} 
}

@book{edmonds_book, 
    address={Princeton, NJ}, 
    series={Investigations in Physics}, 
    title={Angular Momentum in Quantum Mechanics}, 
    ISBN={9780691025896}, 
    abstractNote={This book offers a concise introduction to the angular momentum, one of the most fundamental quantities in all of quantum mechanics. Beginning with the quantization of angular momentum, spin angular momentum, and the orbital angular momentum, the author goes on to discuss the Clebsch-Gordan coefficients for a two-component system. After developing the necessary mathematics, specifically spherical tensors and tensor operators, the author then investigates the 3-j, 6-j, and 9-j symbols. Throughout, the author provides practical applications to atomic, molecular, and nuclear physics. These include partial-wave expansions, the emission and absorption of particles, the proton and electron quadrupole moment, matrix element calculation in practice, and the properties of the symmetrical top molecule}, 
    publisher={Princeton University Press}, 
    author={Edmonds, A. R.}, 
    year={2016}, 
    collection={Investigations in Physics}, 
    language={eng} 
}

 @article{Sommerfeld_1916, 
    title={Zur Quantentheorie der Spektrallinien}, 
    volume={356}, 
    ISSN={0003-3804, 1521-3889}, 
    url={https://onlinelibrary.wiley.com/doi/10.1002/andp.19163561702}, 
    DOI={10.1002/andp.19163561702}, 
    number={17}, 
    journal={Annalen der Physik}, 
    author={Sommerfeld, A.}, 
    year={1916}, 
    month=jan, 
    pages={1-94}, 
    language={de} 
}

@article{Schrödinger_1926, 
    title={An Undulatory Theory of the Mechanics of Atoms and Molecules}, 
    volume={28}, 
    rights={http://link.aps.org/licenses/aps-default-license}, 
    ISSN={0031-899X}, 
    url={https://link.aps.org/doi/10.1103/PhysRev.28.1049}, 
    DOI={10.1103/PhysRev.28.1049}, 
    number={6}, 
    journal={Physical Review}, 
    author={Schrödinger, E.}, 
    year={1926}, 
    month=dec, 
    pages={1049-1070}, 
    language={en} 
}

 @book{Numerical_recipes, 
    author={W.H. Press},
    address={Cambridge, UK; New York}, 
    edition={3rd ed}, 
    title={Numerical recipes: the art of scientific computing}, 
    ISBN={9780521880688}, 
    callNumber={QA297 .N866 2007}, 
    publisher={Cambridge University Press}, 
    year={2007} 
}

@article{Weber1869,
    author = {Weber, H.},
    journal = {Mathematische Annalen},
    keywords = {Properties of the solutions of the equation . Boundary conditions},
    pages = {1-36},
    title = {Ueber die Integration der partiellen Differentialgleichung:},
    url = {http://eudml.org/doc/156394},
    volume = {1},
    year = {1869}
}

@book{Liber_Abaci,
    author = {Fibonacci, L.},
    year =  {1202},
    title = {Liber Abaci}
}

@book{Arfken_Weber_Arfken_Weber_2008, 
    address={Amsterdam, Heidelberg}, 
    edition={6. ed., 5. [print., international ed.]}, 
    title={Mathematical methods for physicists}, 
    ISBN={9780120598762}, 
    publisher={Elsevier Academic Press}, 
    author={Arfken, George B. and Weber, Hans J. and Arfken, George B. and Weber, Hans-Jurgen}, 
    year={2008}, 
    language={eng}
}

@book{Riley_Hobson_Bence_2006, 
    address={Cambridge; New York}, 
    edition={3rd ed}, 
    title={Mathematical methods for physics and engineering}, 
    ISBN={9780521861533}, 
    callNumber={QA300 .R495 2006}, 
    publisher={Cambridge University Press}, 
    author={Riley, K. F. and Hobson, M. P. and Bence, S. J.}, 
    year={2006} 
}

@article{Killingbeck_1979, 
    title={The quadratic Zeeman effect}, 
    volume={12}, 
    ISSN={0022-3700}, 
    url={https://iopscience.iop.org/article/10.1088/0022-3700/12/1/011}, 
    DOI={10.1088/0022-3700/12/1/011}, 
    number={1}, 
    journal={Journal of Physics B: Atomic and Molecular Physics}, 
    author={Killingbeck, J}, 
    year={1979}, 
    month=jan, 
    pages={25-30} 
}

@book{Sakurai_Napolitano_2020, 
    place={Cambridge}, 
    edition={3}, 
    title={Modern Quantum Mechanics}, 
    publisher={Cambridge University Press}, 
    author={Sakurai, J. J. and Napolitano, Jim}, 
    year={2020}
}

@book{Basdevant_Dalibard_2002, 
    address={Berlin; New York}, 
    series={Advanced texts in physics}, 
    title={Quantum mechanics: including a CD-ROM by Manuel Joffre}, 
    ISBN={9783540427391}, 
    callNumber={QC174.2 .B38 2002}, 
    publisher={Springer}, 
    author={Basdevant, J. L. and Dalibard, J.}, 
    year={2002}, 
    collection={Advanced texts in physics} 
}

@book{Foot_2005, 
    address={Oxford; New York}, 
    series={Oxford master series in physics}, 
    title={Atomic physics}, 
    ISBN={9780198506959}, 
    callNumber={QC173 .F664 2005}, 
    publisher={Oxford University Press}, 
    author={Foot, C. J.}, 
    year={2005}, 
    collection={Oxford master series in physics} 
}