@article{Farooq_Chupp_Grange_Tewsley-Booth_Flay_Kawall_Sachdeva_Winter_2020, 
    title={Absolute magnetometry with He-3}, 
    volume={124}, 
    DOI={10.1103/physrevlett.124.223001}, 
    number={22}, 
    journal={Physical Review Letters}, 
    author={Farooq, Midhat and Chupp, Timothy and Grange, Joe and Tewsley-Booth, Alec and Flay, David and Kawall, David and Sachdeva, Natasha and Winter, Peter}, 
    year={2020}, 
    month={Jun}
} 
@article{Fontanari_Sadovskií_2015, 
    title={Perturbations of the hydrogen atom by inhomogeneous static electric and Magnetic Fields}, 
    volume={48}, 
    DOI={10.1088/1751-8113/48/9/095203}, 
    number={9}, 
    journal={Journal of Physics A: Mathematical and Theoretical}, 
    author={Fontanari, Daniele and Sadovskií, Dmitrií A}, 
    year={2015}, 
    month={Feb}, 
    pages={095203}
} 
@article{Drake_Makowski_1988, 
    title={High-precision eigenvalues for the $1S2P^1P$ and $^3P$ states of helium}, 
    volume={5}, 
    DOI={10.1364/josab.5.002207}, 
    number={10}, 
    journal={Journal of the Optical Society of America B}, 
    author={Drake, G. W. F. and Makowski, A. J.}, 
    year={1988}, 
    month={Oct}, 
    pages={2207}
} 
@article{Drake_1987,
    title={New variational techniques for the $1snd$ states of helium}, 
    volume={59}, 
    DOI={10.1103/physrevlett.59.1549}, 
    number={14}, 
    journal={Physical Review Letters}, 
    author={Drake, G. W. F.}, 
    year={1987}, 
    month={Oct}, 
    pages={1549-1552}
} 
@article{Drake_1987-2,
    title = {High precision variational calculations for the $1s21S$ state of H- and the $1s21s$, $1s2s$ $1s$ and $1s2s$ $3s$ states of helium},
    journal = {Nuclear Instruments and Methods in Physics Research Section B: Beam Interactions with Materials and Atoms},
    volume = {31},
    number = {1},
    pages = {7-13},
    year = {1988},
    issn = {0168-583X},
    doi = {https://doi.org/10.1016/0168-583X(88)90387-4},
    url = {https://www.sciencedirect.com/science/article/pii/0168583X88903874},
    author = {G.W.F. Drake}
}
@article{Anthony_Sebastian_1994, 
    title={Relativistic corrections to the Zeeman effect in hydrogenlike atoms and positronium}, 
    volume={49}, 
    DOI={10.1103/physreva.49.192}, 
    number={1}, 
    journal={Physical Review A}, 
    author={Anthony, John M. and Sebastian, Kunnat J.}, 
    year={1994}, 
    month={Jan}, 
    pages={192-206}
} 
@article{Drake_Yan_1992, 
    title={Energies and relativistic corrections for the Rydberg states of helium: Variational results and asymptotic analysis}, 
    volume={46}, 
    DOI={10.1103/physreva.46.2378}, 
    number={5}, 
    journal={Physical Review A}, 
    author={Drake, G. W. F. and Yan, Zong-Chao}, 
    year={1992}, 
    month={Sep}, 
    pages={2378-2409}
} 
@article{aguillard2023measurement,
  title={Measurement of the positive muon anomalous magnetic moment to 0.20 ppm},
  author={Aguillard, DP and Albahri, T and Allspach, D and Anisenkov, A and Badgley, K and Bae{\ss}ler, S and Bailey, I and Bailey, L and Baranov, VA and Barlas-Yucel, E and others},
  journal={Physical review letters},
  volume={131},
  number={16},
  pages={161802},
  year={2023},
  publisher={APS}
}
@article{2007Drake-Wu,
       author = {{Wu}, Qixue and {Drake}, G.~W.~F.},
        title = "{Precision Hyperfine Structure of 2;\^3P State of \^3He with External Magnetic}",
    booktitle = {APS Division of Atomic, Molecular and Optical Physics Meeting Abstracts},
         year = 2007,
       series = {APS Meeting Abstracts},
       volume = {38},
        month = jun,
          eid = {R1.060},
        pages = {R1.060},
       adsurl = {https://ui.adsabs.harvard.edu/abs/2007APS..DMP.R1060W},
      adsnote = {Provided by the SAO/NASA Astrophysics Data System}
}
@article{Drake-Yan,
  title = {High-precision calculations of the Zeeman effect in the 2${\mathrm{}}^{3}$${\mathit{P}}_{\mathit{J}}$, 2${\mathrm{}}^{1}$${\mathit{P}}_{1}$, 2${\mathrm{}}^{3}$${\mathit{S}}_{1}$, and 3${\mathrm{}}^{3}$${\mathit{P}}_{\mathit{J}}$ states of helium},
  author = {Yan, Zong-Chao and Drake, G. W. F.},
  journal = {Phys. Rev. A},
  volume = {50},
  issue = {3},
  pages = {R1980--R1983},
  numpages = {0},
  year = {1994},
  month = {Sep},
  publisher = {American Physical Society},
  doi = {10.1103/PhysRevA.50.R1980},
  url = {https://link.aps.org/doi/10.1103/PhysRevA.50.R1980}
}

@article{atomic_units_definition, 
    title={The Wave Mechanics of an Atom with a Non-Coulomb Central Field. Part I. Theory and Methods}, 
    volume={24}, 
    rights={https://www.cambridge.org/core/terms}, 
    ISSN={0305-0041, 1469-8064}, 
    url={https://www.cambridge.org/core/product/identifier/S0305004100011919/type/journal_article}, 
    DOI={10.1017/S0305004100011919}, 
   number={1}, 
   journal={Mathematical Proceedings of the Cambridge Philosophical Society}, 
   author={Hartree, D. R.}, 
   year={1928}, 
   month=jan, 
   pages={89-110}, 
   language={en} 
}
@misc{Atomic_unit_of_field_strength,
    title={CODATA Value: atomic unit of magnetic flux density}, 
    url={https://physics.nist.gov/cgi-bin/cuu/Value?aumfd} 
}

@book{Griffiths_2018, 
    address={Cambridge}, 
    edition={3rd ed}, 
    title={Introduction to Quantum Mechanics}, 
    ISBN={9781107189638}, 
    publisher={Cambridge University Press}, 
    author={Griffiths, David J.}, 
    year={2018}, 
    language={eng} 
}

@article{Michelson_Morley_1887, 
    title={On the relative motion of the Earth and the luminiferous ether}, 
    volume={s3-34}, 
    ISSN={0002-9599}, 
    url={https://ajsonline.org/article/62505}, 
    DOI={10.2475/ajs.s3-34.203.333}, 
    number={203}, 
    journal={American Journal of Science}, 
    author={Michelson, A. A. and Morley, E. W.}, 
    year={1887}, 
    month=nov, 
    pages={333-345}, 
    language={en} 
}

@book{Atomic_Physics_Handbook, 
    address={New York, NY}, 
    series={Springer Handbooks}, 
    title={Springer Handbook of Atomic, Molecular, and Optical Physics}, 
    rights={https://www.springernature.com/gp/researchers/text-and-data-mining}, 
    ISBN={9780387208022}, 
    url={https://link.springer.com/10.1007/978-0-387-26308-3}, 
    DOI={10.1007/978-0-387-26308-3}, 
    publisher={Springer New York}, 
    year={2006}, 
    collection={Springer Handbooks}, 
    language={en} 
}
